<marc:record xmlns:marc="http://www.loc.gov/MARC21/slim" xmlns:xsi="http://www.w3.org/2001/XMLSchema-instance" xsi:schemaLocation="http://www.loc.gov/MARC21/slim http://www.loc.gov/standards/marcxml/schema/MARC21slim.xsd">
  <marc:leader>     nam a2200397 a 45M</marc:leader>
  <marc:controlfield tag="001">001676900</marc:controlfield>
  <marc:controlfield tag="003">NNU</marc:controlfield>
  <marc:controlfield tag="005">20061010173153.0</marc:controlfield>
  <marc:controlfield tag="008">991122s1932    le            001 0 ara d</marc:controlfield>
  <marc:datafield tag="035" ind1="9" ind2=" ">
    <marc:subfield code="a">NYUb12220265</marc:subfield>
  </marc:datafield>
  <marc:datafield tag="035" ind1=" " ind2=" ">
    <marc:subfield code="a">(NNU)NYUb12220265</marc:subfield>
  </marc:datafield>
  <marc:datafield tag="040" ind1=" " ind2=" ">
    <marc:subfield code="a">WaU</marc:subfield>
    <marc:subfield code="c">WaU</marc:subfield>
    <marc:subfield code="d">MH</marc:subfield>
    <marc:subfield code="d">CStRLIN</marc:subfield>
    <marc:subfield code="d">UaCaAUL</marc:subfield>
  </marc:datafield>
  <marc:datafield tag="041" ind1="0" ind2=" ">
    <marc:subfield code="a">araeng</marc:subfield>
  </marc:datafield>
  <marc:datafield tag="050" ind1=" " ind2="4">
    <marc:subfield code="a">PJ7745.I84</marc:subfield>
    <marc:subfield code="b">Z33 1932</marc:subfield>
  </marc:datafield>
  <marc:datafield tag="066" ind1=" " ind2=" ">
    <marc:subfield code="c">(3</marc:subfield>
  </marc:datafield>
  <marc:datafield tag="090" ind1=" " ind2=" ">
    <marc:subfield code="a">PJ7615</marc:subfield>
    <marc:subfield code="b">.I7</marc:subfield>
  </marc:datafield>
  <marc:datafield tag="100" ind1="1" ind2=" ">
    <marc:subfield code="a">Ibn Dāwūd al-Iṣfahānī, Abū Bakr Muḥammad,</marc:subfield>
    <marc:subfield code="d">868 or 9-909 or 10</marc:subfield>
    <marc:subfield code="6">01</marc:subfield>
  </marc:datafield>
  <marc:datafield tag="100" ind1="1" ind2=" ">
    <marc:subfield code="6">01</marc:subfield>
    <marc:subfield code="a">إبن داود الاصفهاني، أبو بكر محمد.</marc:subfield>
  </marc:datafield>
  <marc:datafield tag="240" ind1="1" ind2="0">
    <marc:subfield code="6">02</marc:subfield>
    <marc:subfield code="a">Zahrah</marc:subfield>
  </marc:datafield>
  <marc:datafield tag="240" ind1="1" ind2="2">
    <marc:subfield code="6">02</marc:subfield>
    <marc:subfield code="a">الزهرة</marc:subfield>
  </marc:datafield>
  <marc:datafield tag="245" ind1="1" ind2="3">
    <marc:subfield code="6">03</marc:subfield>
    <marc:subfield code="a">al-Niṣf al-awwal min Kitāb al-zahrah /</marc:subfield>
    <marc:subfield code="c">taʼlīf Abī Bakr Muḥammad ibn Abī Sulaymān al-Iṣfahānī ; iʻtaná bi-nashrih Luwīs Nīkl al-Būhaymī bi-musāʻadat Ibrāhīm ʻAbd al-Fattāḥ Ṭūqān.</marc:subfield>
  </marc:datafield>
  <marc:datafield tag="245" ind1="1" ind2="2">
    <marc:subfield code="6">03</marc:subfield>
    <marc:subfield code="a">النصف الأول من كتاب الزهرة /</marc:subfield>
    <marc:subfield code="c">تأليف أبي بكر محمد بن أبي سليمن داود الاصفهاني ؛ اعتنى بنشره لويس نيكل البوهيمي بمساعدة ابراهيم عبد الفتاح طوقان.</marc:subfield>
  </marc:datafield>
  <marc:datafield tag="246" ind1="3" ind2="0">
    <marc:subfield code="6">04</marc:subfield>
    <marc:subfield code="a">Kitāb al-zahrah</marc:subfield>
  </marc:datafield>
  <marc:datafield tag="246" ind1="1" ind2="5">
    <marc:subfield code="a">Book of the flower</marc:subfield>
  </marc:datafield>
  <marc:datafield tag="246" ind1="3" ind2="0">
    <marc:subfield code="6">04</marc:subfield>
    <marc:subfield code="a">كتاب الزهرة</marc:subfield>
  </marc:datafield>
  <marc:datafield tag="260" ind1=" " ind2=" ">
    <marc:subfield code="6">05</marc:subfield>
    <marc:subfield code="a">Bayrūt :</marc:subfield>
    <marc:subfield code="b">Maṭbaʻat al-Ābāʼ al-Yasūʻiyīn,</marc:subfield>
    <marc:subfield code="c">1932.</marc:subfield>
  </marc:datafield>
  <marc:datafield tag="260" ind1=" " ind2=" ">
    <marc:subfield code="6">05</marc:subfield>
    <marc:subfield code="a">بيروت :</marc:subfield>
    <marc:subfield code="b">مطبعة الآباء اليسوعيين،</marc:subfield>
    <marc:subfield code="c">1932.</marc:subfield>
  </marc:datafield>
  <marc:datafield tag="300" ind1=" " ind2=" ">
    <marc:subfield code="a">406, 8 p. ;</marc:subfield>
    <marc:subfield code="c">25 cm.</marc:subfield>
  </marc:datafield>
  <marc:datafield tag="490" ind1="1" ind2=" ">
    <marc:subfield code="a">Studies in ancient oriental civilization ;</marc:subfield>
    <marc:subfield code="v">no. 6</marc:subfield>
  </marc:datafield>
  <marc:datafield tag="500" ind1=" " ind2=" ">
    <marc:subfield code="a">"Tubiʻa li-awwal marrah naqlan ʻan al-nuskhah al-waḥīdah al-makhṭūṭah fī Dār al-Kutub al-Miṣr"̄--T. p.</marc:subfield>
  </marc:datafield>
  <marc:datafield tag="500" ind1=" " ind2=" ">
    <marc:subfield code="a">Added t.p. and foreword in English with imprint: Chicago University Press.</marc:subfield>
  </marc:datafield>
  <marc:datafield tag="500" ind1=" " ind2=" ">
    <marc:subfield code="a">Title on added t. p.: Kitāb Al-Zahrah (The book of the flower)</marc:subfield>
  </marc:datafield>
  <marc:datafield tag="500" ind1=" " ind2=" ">
    <marc:subfield code="a">Includes indexes.</marc:subfield>
  </marc:datafield>
  <marc:datafield tag="700" ind1="1" ind2=" ">
    <marc:subfield code="a">Nykl, A. R.</marc:subfield>
    <marc:subfield code="q">(Alois Richard),</marc:subfield>
    <marc:subfield code="d">b. 1885.</marc:subfield>
  </marc:datafield>
  <marc:datafield tag="700" ind1="1" ind2=" ">
    <marc:subfield code="a">Ṭūqān, Ibrāhīm ʻAbd al-Fattāḥ,</marc:subfield>
    <marc:subfield code="d">1905-1941.</marc:subfield>
  </marc:datafield>
  <marc:datafield tag="830" ind1=" " ind2="0">
    <marc:subfield code="a">Studies in ancient oriental civilization ;</marc:subfield>
    <marc:subfield code="v">no. 6.</marc:subfield>
  </marc:datafield>
  <marc:datafield tag="998" ind1=" " ind2=" ">
    <marc:subfield code="a">20010429</marc:subfield>
    <marc:subfield code="d">20010429</marc:subfield>
    <marc:subfield code="d">20021006</marc:subfield>
    <marc:subfield code="n">NNU</marc:subfield>
    <marc:subfield code="s">6</marc:subfield>
    <marc:subfield code="t">c</marc:subfield>
    <marc:subfield code="z">p</marc:subfield>
  </marc:datafield>
</marc:record>
